@article{main_article,
	author = {Michel Unser, Senior Member, IEEE, Philippe Th√©venaz, and  Leonid Yaroslavsky},
	title = {Convolution-Based Interpolation for Fast, High-Quality Rotation of Images},
	date = {10. October 1995},
}

@book{image_book,
	author = {Rafael C. Gonzalez, Richard E. Woods},
	title = {Digital Image Processing},
	date = {2018},
}

@misc{godbolt,
	author = {Matt Godbolt},
	title{Compiler Explorer},
	date = {2012},
	note = {Accessed 11.06.2023 \url{https://godbolt.org/}}
}

@misc{memcpy,
	title{cppreference},
	date = {2000},
	note = {Accessed 11.06.2023 \url{https://en.cppreference.com/w/cpp/string/byte/memcpy}}
}



